<record><leader>00000cas a22000007a 4500</leader><controlfield tag="001">9453338</controlfield><controlfield tag="008">830427d19231958akuqr ne      0   a0eng d</controlfield><datafield ind1=" " ind2=" " tag="010"><subfield code="a">sn 83025422 </subfield></datafield><datafield ind1=" " ind2=" " tag="040"><subfield code="a">NPV</subfield><subfield code="b">eng</subfield><subfield code="c">NPV</subfield><subfield code="d">ANE</subfield><subfield code="d">OCL</subfield><subfield code="d">OCLCQ</subfield><subfield code="d">OCLCF</subfield><subfield code="d">OCLCO</subfield></datafield><datafield ind1="1" ind2=" " tag="029"><subfield code="a">AU@</subfield><subfield code="b">000020265481</subfield></datafield><datafield ind1=" " ind2=" " tag="042"><subfield code="a">msc</subfield></datafield><datafield ind1=" " ind2=" " tag="043"><subfield code="a">n-us-ak</subfield></datafield><datafield ind1=" " ind2=" " tag="045"><subfield code="a">x2x5</subfield></datafield><datafield ind1=" " ind2=" " tag="052"><subfield code="a">4373</subfield><subfield code="b">F35</subfield></datafield><datafield ind1="0" ind2="0" tag="245"><subfield code="a">Farthest-north collegian.</subfield></datafield><datafield ind1="3" ind2="0" tag="246"><subfield code="a">Farthest north collegian</subfield></datafield><datafield ind1=" " ind2=" " tag="260"><subfield code="a">[College, Alaska] :</subfield><subfield code="b">University of Alaska,</subfield><subfield code="c">1923-</subfield></datafield><datafield ind1=" " ind2=" " tag="300"><subfield code="a">v.</subfield></datafield><datafield ind1=" " ind2=" " tag="310"><subfield code="a">Quarterly,</subfield><subfield code="b">Oct. 1952-&lt;July 1958&gt;</subfield></datafield><datafield ind1=" " ind2=" " tag="321"><subfield code="a">Frequency varies</subfield></datafield><datafield ind1="0" ind2=" " tag="362"><subfield code="a">Vol. 1, no. 1 (Feb. 1923)-</subfield></datafield><datafield ind1="1" ind2=" " tag="362"><subfield code="a">Ceased in July 1958?</subfield></datafield><datafield ind1=" " ind2=" " tag="500"><subfield code="a">" ... the Collegian was experimentally converted to a quarterly magazine in 1950 and in 1951 to an annual view booklet to accompany the University catalogue."</subfield></datafield><datafield ind1=" " ind2="0" tag="651"><subfield code="a">College (Alaska)</subfield><subfield code="v">Newspapers.</subfield></datafield><datafield ind1=" " ind2="0" tag="651"><subfield code="a">Fairbanks (Alaska)</subfield><subfield code="v">Newspapers.</subfield></datafield><datafield ind1=" " ind2="7" tag="655"><subfield code="a">Newspapers.</subfield><subfield code="2">fast</subfield><subfield code="0">(OCoLC)fst01423814</subfield></datafield><datafield ind1=" " ind2="7" tag="651"><subfield code="a">Alaska</subfield><subfield code="z">College.</subfield><subfield code="2">fast</subfield><subfield code="0">(OCoLC)fst01212411</subfield></datafield><datafield ind1=" " ind2="7" tag="651"><subfield code="a">Alaska</subfield><subfield code="z">Fairbanks.</subfield><subfield code="2">fast</subfield><subfield code="0">(OCoLC)fst01207610</subfield></datafield><datafield ind1=" " ind2=" " tag="752"><subfield code="a">United States</subfield><subfield code="b">Alaska</subfield><subfield code="d">College.</subfield></datafield><datafield ind1=" " ind2=" " tag="752"><subfield code="a">United States</subfield><subfield code="b">Alaska</subfield><subfield code="d">Fairbanks.</subfield></datafield></record>